
@article{livska14,
  title={Optimizing large applications},
  author={Li{\v{s}}ka, Martin},
  journal={arXiv preprint arXiv:1403.6997},
  year={2014}
}

@inproceedings{tallam10,
title	= {Safe {ICF}: Pointer Safe and Unwinding Aware Identical Code Folding in Gold},
author	= {Sriraman Tallam and Cary Coutant and Ian Lance Taylor and Xinliang David Li and Chris Demetriou},
year	= {2010},
booktitle	= {GCC Developers Summit}
}

@inproceedings{kwan12, 
author={Doug Kwan and Jing Yu and B. Janakiraman}, 
booktitle={Proceedings of Technical Program of 2012 VLSI Technology, System and Application}, 
title={Google's {C/C++} toolchain for smart handheld devices}, 
year={2012}, 
volume={}, 
number={}, 
pages={1-4}, 
doi={10.1109/VLSI-TSA.2012.6210142},
month={April},}


@inproceedings{maleki11,
 author = {Maleki, Saeed and Gao, Yaoqing and Garzar\'{a}n, Maria J. and Wong, Tommy and Padua, David A.},
 title = {An Evaluation of Vectorizing Compilers},
 booktitle = {Proceedings of the 2011 International Conference on Parallel Architectures and Compilation Techniques},
 series = {PACT '11},
 year = {2011},
 isbn = {978-0-7695-4566-0},
 pages = {372--382},
 numpages = {11},
 doi = {10.1109/PACT.2011.68},
 acmid = {2121464},
 publisher = {IEEE Computer Society},
 address = {Washington, DC, USA},
} 

@inproceedings{edler14,
 acmid = {2597811},
 address = {New York, NY, USA},
 author = {Edler von Koch, Tobias J.K. and Franke, Bj\"{o}rn and Bhandarkar, Pranav and Dasgupta, Anshuman},
 booktitle = {Proceedings of the 2014 SIGPLAN/SIGBED Conference on Languages, Compilers and Tools for Embedded Systems},
 doi = {10.1145/2597809.2597811},
 pages = {85--94},
 publisher = {ACM},
 series = {LCTES '14},
 title = {Exploiting Function Similarity for Code Size Reduction},
 year = {2014}
}


@inproceedings{allen83,
 author = {Allen, J. R. and Kennedy, Ken and Porterfield, Carrie and Warren, Joe},
 title = {Conversion of Control Dependence to Data Dependence},
 booktitle = {Proceedings of the 10th ACM SIGACT-SIGPLAN Symposium on Principles of Programming Languages},
 series = {POPL '83},
 year = {1983},
 isbn = {0-89791-090-7},
 location = {Austin, Texas},
 pages = {177--189},
 numpages = {13},
 acmid = {567085},
 publisher = {ACM},
 address = {New York, NY, USA},
} 

@book{park91,
  title={On predicated execution},
  author={Park, Joseph CH and Schlansker, Mike},
  year={1991},
  publisher={Hewlett-Packard Laboratories Palo Alto, California}
}

@inproceedings{fang96,
 author = {Fang, Jesse Zhixi},
 title = {Compiler Algorithms on If-Conversion, Speculative Predicates Assignment and Predicated Code Optimizations},
 booktitle = {Proceedings of the 9th International Workshop on Languages and Compilers for Parallel Computing},
 series = {LCPC '96},
 year = {1997},
 isbn = {3-540-63091-0},
 pages = {135--153},
 numpages = {19},
 acmid = {663446},
 publisher = {Springer-Verlag},
 address = {London, UK, UK},
} 

%% Code density

@inproceedings{knoop94,
 author = {Knoop, Jens and R\"{u}thing, Oliver and Steffen, Bernhard},
 title = {Partial Dead Code Elimination},
 booktitle = {Proceedings of the ACM SIGPLAN 1994 Conference on Programming Language Design and Implementation},
 series = {PLDI '94},
 year = {1994},
 isbn = {0-89791-662-X},
 location = {Orlando, Florida, USA},
 pages = {147--158},
 numpages = {12},
 doi = {10.1145/178243.178256},
 publisher = {ACM},
 address = {New York, NY, USA},
 keywords = {assignment motion, bit-vector data flow analyses, code motion, data flow analysis, dead code elimination, partial redundancy elimination, program optimization},
}

@inproceedings{weaver09,
author={V. M. Weaver and S. A. McKee}, 
booktitle={2009 IEEE International Conference on Computer Design}, 
title={Code density concerns for new architectures}, 
year={2009}, 
volume={}, 
number={}, 
pages={459-464}, 
month={Oct}
}


@inproceedings{steenkiste89,
 author = {Steenkiste, P.},
 title = {The Impact of Code Density on Instruction Cache Performance},
 booktitle = {Proceedings of the 16th Annual International Symposium on Computer Architecture},
 series = {ISCA '89},
 year = {1989},
 pages = {252--259},
 publisher = {ACM},
 address = {New York, NY, USA},
} 

@INPROCEEDINGS{zmily06,
author={A. Zmily and C. Kozyrakis}, 
booktitle={Proceedings of the Design Automation Test in Europe Conference}, 
title={Simultaneously Improving Code Size, Performance, and Energy in Embedded Processors}, 
year={2006}, 
volume={1}, 
number={}, 
pages={1-6}, 
month={March}
}


@inproceedings{cooper99,
 author = {Cooper, Keith D. and Schielke, Philip J. and Subramanian, Devika},
 title = {Optimizing for Reduced Code Space Using Genetic Algorithms},
 booktitle = {Proceedings of the ACM SIGPLAN 1999 Workshop on Languages, Compilers, and Tools for Embedded Systems},
 series = {LCTES '99},
 year = {1999},
 isbn = {1-58113-136-4},
 location = {Atlanta, Georgia, USA},
 pages = {1--9},
 numpages = {9},
 doi = {10.1145/314403.314414},
 acmid = {314414},
 publisher = {ACM},
 address = {New York, NY, USA},
} 


%%% Classic code-size optimizations

@inproceedings{cocke70,
 author = {Cocke, John},
 title = {Global Common Subexpression Elimination},
 booktitle = {Proceedings of a Symposium on Compiler Optimization},
 year = {1970},
 pages = {20--24},
 publisher = {ACM},
 address = {New York, NY, USA},
} 

@article{tanenbaum82,
 author = {Tanenbaum, Andrew S. and van Staveren, Hans and Stevenson, Johan W.},
 title = {Using Peephole Optimization on Intermediate Code},
 journal = {ACM Trans. Program. Lang. Syst.},
 volume = {4},
 number = {1},
 month = jan,
 year = {1982},
 pages = {21--36},
 doi = {10.1145/357153.357155},
 publisher = {ACM},
 address = {New York, NY, USA},
}

@inproceedings{massalin87,
 author = {Massalin, Henry},
 title = {Superoptimizer: A Look at the Smallest Program},
 booktitle = {Proceedings of the Second International Conference on Architectual Support for Programming Languages and Operating Systems},
 series = {ASPLOS II},
 year = {1987},
 pages = {122--126},
 publisher = {IEEE Computer Society Press},
 address = {Los Alamitos, CA, USA},
} 

%%% Code compression

@inproceedings{ernst97,
 author = {Ernst, Jens and Evans, William and Fraser, Christopher W. and Proebsting, Todd A. and Lucco, Steven},
 title = {Code Compression},
 booktitle = {Proceedings of the ACM SIGPLAN 1997 Conference on Programming Language Design and Implementation},
 series = {PLDI '97},
 year = {1997},
 pages = {358--365},
 doi = {10.1145/258915.258947},
 publisher = {ACM},
 address = {New York, NY, USA},
} 

@article{debray00,
 author = {Debray, Saumya K. and Evans, William and Muth, Robert and De Sutter, Bjorn},
 title = {Compiler Techniques for Code Compaction},
 journal = {ACM Trans. Program. Lang. Syst.},
 volume = {22},
 number = {2},
 month = mar,
 year = {2000},
 pages = {378--415},
 doi = {10.1145/349214.349233},
 publisher = {ACM},
 address = {New York, NY, USA},
} 

@inproceedings{loki04,
  title={Code factoring in {GCC}},
  author={L{\'o}ki, G{\'a}bor and Kiss, {\'A}kos and J{\'a}sz, Judit and Besz{\'e}des, {\'A}rp{\'a}d},
  booktitle={Proceedings of the 2004 GCC Developers' Summit},
  pages={79--84},
  year={2004}
}

@inproceedings{chen03,
author={Chen, Wen-Ke and Li, Bengu and Gupta, Rajiv},
editor={Cousot, Radhia},
title={Code Compaction of Matching Single-Entry Multiple-Exit Regions},
booktitle={Static Analysis},
year={2003},
publisher={Springer Berlin Heidelberg},
address={Berlin, Heidelberg},
pages={401--417}
}

@inproceedings{briggs94,
 author = {Briggs, Preston and Cooper, Keith D.},
 title = {Effective Partial Redundancy Elimination},
 booktitle = {Proceedings of the ACM SIGPLAN 1994 Conference on Programming Language Design and Implementation},
 series = {PLDI '94},
 year = {1994},
 isbn = {0-89791-662-X},
 location = {Orlando, Florida, USA},
 pages = {159--170},
 numpages = {12},
 doi = {10.1145/178243.178257},
 acmid = {178257},
 publisher = {ACM},
 address = {New York, NY, USA},
} 

@INPROCEEDINGS{dreweke07, 
author={A. Dreweke and M. Worlein and I. Fischer and D. Schell and T. Meinl and M. Philippsen}, 
booktitle={International Symposium on Code Generation and Optimization (CGO'07)}, 
title={Graph-Based Procedural Abstraction}, 
year={2007}, 
volume={}, 
number={}, 
pages={259-270}, 
doi={10.1109/CGO.2007.14}, 
ISSN={}, 
month={March},}


%%% IoT & Low-end devices

@article{phelan03,
  title={Improving {ARM} code density and performance},
  author={Phelan, Richard},
  journal={Technical Report},
  year={2003}
}

@misc{androidGo,
  title={{Android Oreo Go} edition.},
  url={android.com/versions/oreo-8-0/go-edition/},
  note = {}
}

@ARTICLE{sehgal12, 
author={A. Sehgal and V. Perelman and S. Kuryla and J. Schonwalder}, 
journal={IEEE Communications Magazine}, 
title={Management of resource constrained devices in the internet of things}, 
year={2012}, 
volume={50}, 
number={12}, 
pages={144-149}, 
month={December}
}

@ARTICLE{keoh14, 
author={S. L. Keoh and S. S. Kumar and H. Tschofenig}, 
journal={IEEE Internet of Things Journal}, 
title={Securing the Internet of Things: A Standardization Perspective}, 
year={2014}, 
volume={1}, 
number={3}, 
pages={265-275}, 
month={June}
}

@InProceedings{plaza18,
author="Plaza, Pedro
and Sancristobal, Elio
and Carro, German
and Castro, Manuel
and Ruiz, Elena",
editor="Auer, Michael E.
and Zutin, Danilo G.",
title="Wireless Development Boards to Connect the World",
booktitle="Online Engineering {\&} Internet of Things",
year="2018",
publisher="Springer International Publishing",
address="Cham",
pages="19--27",
}



@INPROCEEDINGS{varma04, 
author={A. Varma and S. S. Bhattacharyya}, 
booktitle={Proceedings Design, Automation and Test in Europe Conference and Exhibition}, 
title={{Java}-through-{C} compilation: an enabling technology for {Java} in embedded systems}, 
year={2004}, 
volume={3}, 
number={}, 
pages={161-166 Vol.3}, 
ISSN={1530-1591}, 
month={Feb},}

ï»¿@article {auler17,
author = {Auler, Rafael and Millani, Carlos Eduardo and Brisighello, Alexandre and Linhares, Alisson and Borin, Edson},
title = {Handling {IoT} platform heterogeneity with {COISA}, a compact {OpenISA} virtual platform},
journal = {Concurrency and Computation: Practice and Experience},
volume = {29},
number = {22},
issn = {1532-0634},
pages = {e3932--n/a},
keywords = {Internet-of-Things, virtual machines, virtual ISA},
year = {2017},
note = {e3932 cpe.3932},
}

@inproceedings{schultz03,
 author = {Schultz, Ulrik Pagh and Burgaard, Kim and Christensen, Flemming Gram and Knudsen, J{\o}rgen Lindskov},
 title = {Compiling {Java} for Low-end Embedded Systems},
 booktitle = {Proceedings of the 2003 ACM SIGPLAN Conference on Language, Compiler, and Tool for Embedded Systems},
 series = {LCTES '03},
 year = {2003},
 isbn = {1-58113-647-1},
 location = {San Diego, California, USA},
 pages = {42--50},
 numpages = {9},
 acmid = {780739},
 publisher = {ACM},
 address = {New York, NY, USA},
 keywords = {Java, compilers, embedded systems, interfaces},
}


@article{hirschberg75,
 author = {Hirschberg, D. S.},
 title = {A Linear Space Algorithm for Computing Maximal Common Subsequences},
 journal = {Commun. ACM},
 issue_date = {June 1975},
 volume = {18},
 number = {6},
 month = jun,
 year = {1975},
 issn = {0001-0782},
 pages = {341--343},
 numpages = {3},
 doi = {10.1145/360825.360861},
 acmid = {360861},
 publisher = {ACM},
 address = {New York, NY, USA},
} 

@article{maier78,
 author = {Maier, David},
 title = {The Complexity of Some Problems on Subsequences and Supersequences},
 journal = {J. ACM},
 issue_date = {April 1978},
 volume = {25},
 number = {2},
 month = apr,
 year = {1978},
 issn = {0004-5411},
 pages = {322--336},
 numpages = {15},
 doi = {10.1145/322063.322075},
 acmid = {322075},
 publisher = {ACM},
 address = {New York, NY, USA},
} 

@article{carrillo88,
 author = {Carrillo, Humberto and Lipman, David},
 title = {The Multiple Sequence Alignment Problem in Biology},
 journal = {SIAM J. Appl. Math.},
 issue_date = {October 1988},
 volume = {48},
 number = {5},
 month = oct,
 year = {1988},
 issn = {0036-1399},
 pages = {1073--1082},
 numpages = {10},
 doi = {10.1137/0148063},
 acmid = {53874},
 publisher = {Society for Industrial and Applied Mathematics},
 address = {Philadelphia, PA, USA},
} 


@article{smith81,
title = "Identification of common molecular subsequences",
journal = "Journal of Molecular Biology",
volume = "147",
number = "1",
pages = "195 - 197",
year = "1981",
issn = "0022-2836",
doi = "10.1016/0022-2836(81)90087-5",
author = "T.F. Smith and M.S. Waterman"
}

@article{needleman70,
title = "A general method applicable to the search for similarities in the amino acid sequence of two proteins",
journal = "Journal of Molecular Biology",
volume = "48",
number = "3",
pages = "443 - 453",
year = "1970",
issn = "0022-2836",
doi = "10.1016/0022-2836(70)90057-4",
author = "Saul B. Needleman and Christian D. Wunsch"
}


@article{wang94,
author = {WANG, LUSHENG and JIANG, TAO},
title = {On the Complexity of Multiple Sequence Alignment},
journal = {Journal of Computational Biology},
volume = {1},
number = {4},
pages = {337-348},
year = {1994},
doi = {10.1089/cmb.1994.1.337},
}


@inproceedings{hickey11,
 author = {Hickey, Glenn and Blanchette, Mathieu},
 title = {A Probabilistic Model for Sequence Alignment with Context-sensitive Indels},
 booktitle = {Proceedings of the 15th Annual International Conference on Research in Computational Molecular Biology},
 series = {RECOMB'11},
 year = {2011},
 pages = {85--103},
 numpages = {19},
 publisher = {Springer-Verlag},
 address = {Berlin, Heidelberg},
} 



%%%%

@inproceedings{porpodas18,
 author = {Porpodas, Vasileios and Rocha, Rodrigo C. O. and G\'{o}es, Lu\'{\i}s F. W.},
 title = {Look-ahead {SLP}: Auto-vectorization in the Presence of Commutative Operations},
 booktitle = {Proceedings of the 2018 International Symposium on Code Generation and Optimization},
 series = {CGO 2018},
 year = {2018},
 isbn = {978-1-4503-5617-6},
 location = {Vienna, Austria},
 pages = {163--174},
 numpages = {12},
 doi = {10.1145/3168807},
 acmid = {3168807},
 publisher = {ACM},
 address = {New York, NY, USA},
 keywords = {Auto-Vectorization, SIMD, SLP},
} 

@misc{spec,
  author = {{SPEC}},
  title = {{Standard Performance Evaluation Corp Benchmarks}},
  howpublished = {http://www.spec.org},
  year = {2014}
}


%%%% Low end devices in poor contries

@article{yelamarthi17,
  title={An application-driven modular {IoT} architecture},
  author={Yelamarthi, Kumar and Aman, Md Sayedul and Abdelgawad, Ahmed},
  journal={Wireless Communications and Mobile Computing},
  volume={2017},
  year={2017},
  publisher={Hindawi}
}

@article{etzo10,
author = {Etzo, Sebastiana and Collender, Guy},
title = {The mobile phone ârevolutionâ in {Africa}: Rhetoric or reality?},
journal = {African Affairs},
volume = {109},
number = {437},
pages = {659-668},
year = {2010},
doi = {10.1093/afraf/adq045},
}

@article{hart02,
author={Hart,Stuart L. and Christensen,Clayton M.},
year={2002},
month={Fall},
title={The great leap: Driving innovation from the base of the pyramid},
journal={MIT Sloan Management Review},
volume={44},
number={1},
pages={51-56},
note={Copyright - Copyright Â© Massachusetts Institute of Technology, 2002. All rights reserved; Last updated - 2017-11-07; CODEN - SMRVAO},
}

@article{hahm16,
  TITLE = {{Operating Systems for Low-End Devices in the Internet of Things: a Survey}},
  AUTHOR = {Hahm, Oliver and Baccelli, Emmanuel and Petersen, Hauke and Tsiftes, Nicolas},
  JOURNAL = {{IEEE Internet of Things Journal}},
  PUBLISHER = {{IEEE}},
  VOLUME = {3},
  NUMBER = {5},
  PAGES = {720-734},
  YEAR = {2016},
  MONTH = Oct,
  DOI = {10.1109/JIOT.2015.2505901},
}



%%%% Tools

@misc{gcc,
  author = {{Free Software Foundation}},
  title = {{GCC}, the {GNU} Compiler Collection},
  howpublished = {http://gcc.gnu.org},
  year = {2018}
}

@INPROCEEDINGS{llvm,
author={Lattner, C. and Adve, V.},
booktitle={Proceedings of the International Symposium on Code Generation and Optimization (CGO)},
title={{LLVM}: {A} compilation framework for lifelong program analysis transformation},
year={2004},
keywords={C language;exception handling;optimising compilers;program diagnostics;virtual machines;code representation;compiler framework;compiler performance;compiler transformations;exception handling;language-independent type-system;low level virtual machine;program analysis;program transformation;static single assignment form;typed address arithmetic;Algorithm design and analysis;Application software;Arithmetic;High level languages;Information analysis;Performance analysis;Program processors;Runtime;Software safety;Virtual machining},
}

@inproceedings{edler10,
 author = {Edler von Koch, Tobias J.K. and B\"{o}hm, Igor and Franke, Bj\"{o}rn},
 title = {Integrated Instruction Selection and Register Allocation for Compact Code Generation Exploiting Freeform Mixing of 16- and 32-bit Instructions},
 booktitle = {Proceedings of the 8th Annual IEEE/ACM International Symposium on Code Generation and Optimization},
 series = {CGO '10},
 year = {2010},
 location = {Toronto, Ontario, Canada},
 pages = {180--189},
 numpages = {10},
 doi = {10.1145/1772954.1772980},
 acmid = {1772980},
 publisher = {ACM},
 address = {New York, NY, USA},
} 


@misc{llvm-fm,
  author = {The {LLVM} Compiler Infrastructure},
  title = {{MergeFunctions} pass, how it works},
  howpublished = {http://llvm.org/docs/MergeFunctions.html},
  year = {2018}
}

@misc{msvc-icf,
  author = {Microsoft Visual Studio},
  title = {Identical {COMDAT} Folding},
  howpublished = {https://msdn.microsoft.com/en-us/library/bxwfs976.aspx},
  year = {2018}
}

@article{dinechin00,
 author = {de Dinechin, Christophe},
 title = {{C++} Exception Handling},
 journal = {IEEE Concurrency},
 volume = {8},
 number = {4},
 month = oct,
 year = {2000},
 issn = {1092-3063},
 pages = {72--79},
 numpages = {8},
 doi = {10.1109/4434.895109},
 publisher = {IEEE Educational Activities Department},
 address = {Piscataway, NJ, USA},
} 

@misc{wei18,
title={{DLVM}: A modern compiler infrastructure for deep learning systems},
author={Richard Wei and Lane Schwartz and Vikram Adve},
year={2018},
url={https://openreview.net/forum?id=ryG6xZ-RZ},
}


@article{jaccard,
    author = {Jaccard, Paul},
    journal = {Bulletin del la Soci\'{e}t\'{e} Vaudoise des Sciences Naturelles},
    pages = {547--579},
    posted-at = {2009-03-02 06:18:15},
    priority = {1},
    title = {{\'{E}tude comparative de la distribution florale dans une portion des {Alpes} et des {Jura}}},
    volume = {37},
    year = {1901}
}


@article{ball94,
 author = {Ball, Thomas and Larus, James R.},
 title = {Optimally Profiling and Tracing Programs},
 journal = {ACM Trans. Program. Lang. Syst.},
 volume = {16},
 number = {4},
 month = jul,
 year = {1994},
 pages = {1319--1360},
 numpages = {42},
 publisher = {ACM},
 address = {New York, NY, USA},
}

